<record><leader>00000cas a22000007a 4500</leader><controlfield tag="001">14178883</controlfield><controlfield tag="008">860904d189418uutxuwr ne      0    0eng d</controlfield><datafield ind1=" " ind2=" " tag="010"><subfield code="a">sn 86088710 </subfield></datafield><datafield ind1=" " ind2=" " tag="040"><subfield code="a">PPM</subfield><subfield code="b">eng</subfield><subfield code="c">PPM</subfield><subfield code="d">OCLCQ</subfield></datafield><datafield ind1=" " ind2=" " tag="042"><subfield code="a">msc</subfield></datafield><datafield ind1="0" ind2=" " tag="130"><subfield code="a">Headlight (Eagle Lake, Tex.)</subfield></datafield><datafield ind1="1" ind2="0" tag="245"><subfield code="a">Headlight.</subfield></datafield><datafield ind1=" " ind2=" " tag="260"><subfield code="a">Eagle Lake, Tex. :</subfield><subfield code="b">A.M. and B.W. McCarty</subfield></datafield><datafield ind1=" " ind2=" " tag="300"><subfield code="a">v. ;</subfield><subfield code="c">28 cm.</subfield></datafield><datafield ind1=" " ind2=" " tag="310"><subfield code="a">Weekly</subfield></datafield><datafield ind1="1" ind2=" " tag="362"><subfield code="a">Began in 1894.</subfield></datafield><datafield ind1=" " ind2=" " tag="588"><subfield code="a">Description based on: Vol. 1, no. 6 (Dec. 29, 1894).</subfield></datafield><datafield ind1=" " ind2=" " tag="752"><subfield code="a">United States</subfield><subfield code="b">Texas</subfield><subfield code="c">Colorado</subfield><subfield code="d">Eagle Lake.</subfield></datafield></record>